<?xml version="1.0" encoding="UTF-8"?><collection xmlns="http://www.loc.gov/MARC21/slim"><record><leader>00359nam--2200133-i-4500</leader><controlfield tag="001">000027142</controlfield><controlfield tag="002">20161230</controlfield><controlfield tag="005">20161230201036</controlfield><controlfield tag="008">060222s1000------------r-----000-0-eng-d</controlfield><datafield ind1=" " ind2=" " tag="080"><subfield code="a">621.375.826:778.38</subfield></datafield><datafield ind1=" " ind2=" " tag="100"><subfield code="a">Kock, Winston E</subfield></datafield><datafield ind1=" " ind2=" " tag="245"><subfield code="a">Engineering applications of laser and holography</subfield></datafield><datafield ind1=" " ind2=" " tag="260"><subfield code="a">New York, Plenum Press, 1975, Xv + 400p</subfield></datafield><datafield ind1=" " ind2=" " tag="852"><subfield code="a">45539</subfield></datafield></record></collection>